<record><leader>00000cas a2200000 a 4500</leader><controlfield tag="001">25814093</controlfield><controlfield tag="008">920514d19611961iludr ne      0   a0eng c</controlfield><datafield ind1=" " ind2=" " tag="010"><subfield code="a">sn 92053256 </subfield></datafield><datafield ind1=" " ind2=" " tag="040"><subfield code="a">NVF</subfield><subfield code="b">eng</subfield><subfield code="c">NVF</subfield><subfield code="d">OCLCQ</subfield><subfield code="d">NVF</subfield><subfield code="d">OCLCO</subfield><subfield code="d">OCLCF</subfield></datafield><datafield ind1="1" ind2=" " tag="029"><subfield code="a">AU@</subfield><subfield code="b">000020743049</subfield></datafield><datafield ind1=" " ind2=" " tag="042"><subfield code="a">pcc</subfield></datafield><datafield ind1=" " ind2=" " tag="043"><subfield code="a">n-us-il</subfield></datafield><datafield ind1="0" ind2="0" tag="245"><subfield code="a">Lostant centennial edition.</subfield></datafield><datafield ind1=" " ind2=" " tag="260"><subfield code="a">Lostant, Ill. :</subfield><subfield code="b">[publisher not identified],</subfield><subfield code="c">1961.</subfield></datafield><datafield ind1=" " ind2=" " tag="300"><subfield code="a">v.</subfield></datafield><datafield ind1=" " ind2=" " tag="310"><subfield code="a">Daily</subfield></datafield><datafield ind1="0" ind2=" " tag="362"><subfield code="a">Aug. 12-13, 1961.</subfield></datafield><datafield ind1=" " ind2=" " tag="500"><subfield code="a">Published to celebrate Lostant, Ill. centennial.</subfield></datafield><datafield ind1=" " ind2="0" tag="651"><subfield code="a">Lostant (Ill.)</subfield><subfield code="x">Centennial celebrations, etc.</subfield><subfield code="v">Newspapers.</subfield></datafield><datafield ind1=" " ind2="7" tag="655"><subfield code="a">Newspapers.</subfield><subfield code="2">fast</subfield><subfield code="0">(OCoLC)fst01423814</subfield></datafield><datafield ind1=" " ind2="7" tag="650"><subfield code="a">Anniversaries.</subfield><subfield code="2">fast</subfield><subfield code="0">(OCoLC)fst00809757</subfield></datafield><datafield ind1=" " ind2="7" tag="651"><subfield code="a">Illinois</subfield><subfield code="z">Lostant.</subfield><subfield code="2">fast</subfield><subfield code="0">(OCoLC)fst01887465</subfield></datafield><datafield ind1=" " ind2=" " tag="752"><subfield code="a">United States</subfield><subfield code="b">Illinois</subfield><subfield code="c">La Salle</subfield><subfield code="d">Lostant.</subfield></datafield></record>